{
  "leader": "02923cam a2200481 i 4500",
  "fields": [
    {
      "001": "ocm01103378\\"
    },
    {
      "003": "OCoLC"
    },
    {
      "005": "20220728125248.0"
    },
    {
      "008": "741113s1975\\\\\\\\nyua\\\\\\\\\\b\\\\\\\\001\\0\\eng\\\\"
    },
    {
      "010": {
        "ind1": "\\",
        "ind2": "\\",
        "subfields": [
          {
            "a": "   74077947 "
          }
        ]
      }
    },
    {
      "040": {
        "ind1": "\\",
        "ind2": "\\",
        "subfields": [
          {
            "a": "DLC"
          },
          {
            "b": "eng"
          },
          {
            "c": "DLC"
          },
          {
            "d": "MUQ"
          },
          {
            "d": "BAKER"
          },
          {
            "d": "BTCTA"
          },
          {
            "d": "PHA"
          },
          {
            "d": "YDXCP"
          },
          {
            "d": "OCLCF"
          },
          {
            "d": "OCLCQ"
          },
          {
            "d": "CWCLL"
          },
          {
            "d": "OCLCQ"
          },
          {
            "d": "ALABM"
          },
          {
            "d": "OCLCQ"
          },
          {
            "d": "CSJ"
          },
          {
            "d": "OCLCQ"
          },
          {
            "d": "OCLCO"
          },
          {
            "d": "YT6"
          },
          {
            "d": "ERR"
          },
          {
            "d": "OCLCQ"
          },
          {
            "d": "OCLCO"
          },
          {
            "d": "TYC"
          },
          {
            "d": "TZ7"
          },
          {
            "d": "LENOT"
          },
          {
            "d": "BDP"
          },
          {
            "d": "COH"
          },
          {
            "d": "OCL"
          },
          {
            "d": "GGN"
          },
          {
            "d": "OCLCO"
          }
        ]
      }
    },
    {
      "019": {
        "ind1": "\\",
        "ind2": "\\",
        "subfields": [
          {
            "a": "2275617"
          },
          {
            "a": "10993536"
          },
          {
            "a": "635849409"
          },
          {
            "a": "994687234"
          },
          {
            "a": "1164541059"
          },
          {
            "a": "1166419945"
          },
          {
            "a": "1166492833"
          },
          {
            "a": "1175693092"
          },
          {
            "a": "1175693803"
          },
          {
            "a": "1175720431"
          },
          {
            "a": "1175725585"
          },
          {
            "a": "1175729189"
          },
          {
            "a": "1175730507"
          },
          {
            "a": "1301520605"
          }
        ]
      }
    },
    {
      "020": {
        "ind1": "\\",
        "ind2": "\\",
        "subfields": [
          {
            "a": "0812904877"
          }
        ]
      }
    },
    {
      "020": {
        "ind1": "\\",
        "ind2": "\\",
        "subfields": [
          {
            "a": "9780812904871"
          }
        ]
      }
    },
    {
      "035": {
        "ind1": "\\",
        "ind2": "\\",
        "subfields": [
          {
            "a": "(OCoLC)1103378"
          },
          {
            "z": "(OCoLC)2275617"
          },
          {
            "z": "(OCoLC)10993536"
          },
          {
            "z": "(OCoLC)635849409"
          },
          {
            "z": "(OCoLC)994687234"
          },
          {
            "z": "(OCoLC)1164541059"
          },
          {
            "z": "(OCoLC)1166419945"
          },
          {
            "z": "(OCoLC)1166492833"
          },
          {
            "z": "(OCoLC)1175693092"
          },
          {
            "z": "(OCoLC)1175693803"
          },
          {
            "z": "(OCoLC)1175720431"
          },
          {
            "z": "(OCoLC)1175725585"
          },
          {
            "z": "(OCoLC)1175729189"
          },
          {
            "z": "(OCoLC)1175730507"
          },
          {
            "z": "(OCoLC)1301520605"
          }
        ]
      }
    },
    {
      "037": {
        "ind1": "\\",
        "ind2": "\\",
        "subfields": [
          {
            "c": "8.00"
          }
        ]
      }
    },
    {
      "043": {
        "ind1": "\\",
        "ind2": "\\",
        "subfields": [
          {
            "a": "n-us-ny"
          }
        ]
      }
    },
    {
      "050": {
        "ind1": "0",
        "ind2": "0",
        "subfields": [
          {
            "a": "HV9475.N716"
          },
          {
            "b": "W53"
          }
        ]
      }
    },
    {
      "055": {
        "ind1": "\\",
        "ind2": "4",
        "subfields": [
          {
            "a": "HV9475 N72 A8 W53"
          }
        ]
      }
    },
    {
      "082": {
        "ind1": "0",
        "ind2": "0",
        "subfields": [
          {
            "a": "365.641"
          },
          {
            "b": "WIC"
          }
        ]
      }
    },
    {
      "049": {
        "ind1": "\\",
        "ind2": "\\",
        "subfields": [
          {
            "a": "NYRV"
          }
        ]
      }
    },
    {
      "100": {
        "ind1": "1",
        "ind2": "\\",
        "subfields": [
          {
            "a": "Wicker, Tom."
          }
        ]
      }
    },
    {
      "245": {
        "ind1": "1",
        "ind2": "2",
        "subfields": [
          {
            "a": "A time to die /"
          },
          {
            "c": "Tom Wicker."
          }
        ]
      }
    },
    {
      "260": {
        "ind1": "\\",
        "ind2": "\\",
        "subfields": [
          {
            "a": "New York :"
          },
          {
            "b": "Quadrangle/New York Times Book Co.,"
          },
          {
            "c": "[1975]"
          }
        ]
      }
    },
    {
      "300": {
        "ind1": "\\",
        "ind2": "\\",
        "subfields": [
          {
            "a": "viii, 342 pages :"
          },
          {
            "b": "illustrations ;"
          },
          {
            "c": "23 cm"
          }
        ]
      }
    },
    {
      "336": {
        "ind1": "\\",
        "ind2": "\\",
        "subfields": [
          {
            "a": "text"
          },
          {
            "b": "txt"
          },
          {
            "2": "rdacontent"
          }
        ]
      }
    },
    {
      "337": {
        "ind1": "\\",
        "ind2": "\\",
        "subfields": [
          {
            "a": "unmediated"
          },
          {
            "b": "n"
          },
          {
            "2": "rdamedia"
          }
        ]
      }
    },
    {
      "338": {
        "ind1": "\\",
        "ind2": "\\",
        "subfields": [
          {
            "a": "volume"
          },
          {
            "b": "nc"
          },
          {
            "2": "rdacarrier"
          }
        ]
      }
    },
    {
      "380": {
        "ind1": "\\",
        "ind2": "\\",
        "subfields": [
          {
            "a": "Book"
          },
          {
            "2": "lcgft"
          }
        ]
      }
    },
    {
      "500": {
        "ind1": "\\",
        "ind2": "\\",
        "subfields": [
          {
            "a": "Maps on lining papers."
          }
        ]
      }
    },
    {
      "504": {
        "ind1": "\\",
        "ind2": "\\",
        "subfields": [
          {
            "a": "Includes bibliographical references and index."
          }
        ]
      }
    },
    {
      "520": {
        "ind1": "\\",
        "ind2": "\\",
        "subfields": [
          {
            "a": "Tom Wicker, a political columnist for the NY Times, was one of the observers specifically requested by Attica inmates toward the mediation and resolution of the September 1971 prison rebellion."
          }
        ]
      }
    },
    {
      "505": {
        "ind1": "0",
        "ind2": "\\",
        "subfields": [
          {
            "a": "September 8-10, 1971. The thing jumps -- Inside the walls -- Nobody gets killed -- The mirrors of C-Block -- Into the river -- September 11, 1971. Dying jive -- We and they -- The White and the Black -- Waiting for Bobby -- Package deal -- September 12, 1971. The woman in the diner -- The man -- A time to speak -- Midnight, still raining -- September 13,1971. A time to die -- Afterwards -- Chronology of events -- Appendix One : the five demands -- Appendix Two : The fifteen practical proposals -- Appendix Three : A comprehensive list of observers -- Appendix Four : The twenty-eight points -- Notes -- Index."
          }
        ]
      }
    },
    {
      "610": {
        "ind1": "2",
        "ind2": "0",
        "subfields": [
          {
            "a": "Attica Correctional Facility."
          }
        ]
      }
    },
    {
      "610": {
        "ind1": "2",
        "ind2": "0",
        "subfields": [
          {
            "a": "Attica Prison."
          }
        ]
      }
    },
    {
      "650": {
        "ind1": "\\",
        "ind2": "0",
        "subfields": [
          {
            "a": "Prison riots"
          },
          {
            "z": "New York (State)"
          },
          {
            "z": "Attica."
          }
        ]
      }
    },
    {
      "610": {
        "ind1": "2",
        "ind2": "7",
        "subfields": [
          {
            "a": "Attica Prison."
          },
          {
            "2": "fast"
          },
          {
            "0": "(OCoLC)fst00514938"
          }
        ]
      }
    },
    {
      "610": {
        "ind1": "2",
        "ind2": "7",
        "subfields": [
          {
            "a": "Attica Correctional Facility."
          },
          {
            "2": "fast"
          },
          {
            "0": "(OCoLC)fst00514939"
          }
        ]
      }
    },
    {
      "650": {
        "ind1": "\\",
        "ind2": "7",
        "subfields": [
          {
            "a": "Prison riots."
          },
          {
            "2": "fast"
          },
          {
            "0": "(OCoLC)fst01077075"
          }
        ]
      }
    },
    {
      "651": {
        "ind1": "\\",
        "ind2": "7",
        "subfields": [
          {
            "a": "New York (State)"
          },
          {
            "z": "Attica."
          },
          {
            "2": "fast"
          },
          {
            "0": "(OCoLC)fst01232509"
          }
        ]
      }
    },
    {
      "776": {
        "ind1": "0",
        "ind2": "8",
        "subfields": [
          {
            "i": "Online version:"
          },
          {
            "a": "Wicker, Tom."
          },
          {
            "t": "Time to die."
          },
          {
            "d": "New York : Quadrangle/New York Times Book Co., [1975]"
          },
          {
            "w": "(OCoLC)651970522"
          }
        ]
      }
    },
    {
      "999": {
        "ind1": "\\",
        "ind2": "\\",
        "subfields": [
          {
            "a": "00000000013377"
          }
        ]
      }
    },
    {
      "994": {
        "ind1": "\\",
        "ind2": "\\",
        "subfields": [
          {
            "a": "C0"
          },
          {
            "b": "NYRVC"
          }
        ]
      }
    }
  ]
}